% ....názov súboru je: literatura.bib
% kniha1
@InProceedings{10.1007/978-3-319-97934-2_9,
author="Toda, Armando M.",
title="The Dark Side of Gamification: An Overview of Negative Effects of Gamification in Education",
booktitle="Higher Education for All. From Challenges to Novel Technology-Enhanced Solutions",
pages="143--156",
year="2018",
publisher="Springer International Publishing",
}

% kniha2
@article{doi:10.1080/09523987.2013.839151,
author = "Charalambos Vrasidas and Maria Solomou",
title = "Using educational design research methods to examine the affordances of online games for teacher learning",
journal = "Educational Media International",
volume = "50",
number = "3",
pages = "192-205",
year  = "2013",
publisher = "Routledge",
doi = "10.1080/09523987.2013.839151",
URL = "https://doi.org/10.1080/09523987.2013.839151",
eprint = " https://doi.org/10.1080/09523987.2013.839151",
}